<?xml version="1.0" encoding="UTF-8"?><record xmlns="http://www.loc.gov/MARC21/slim" xmlns:cinclude="http://apache.org/cocoon/include/1.0" xmlns:zs="http://www.loc.gov/zing/srw/">
  <leader>00315nz  a2200121n  4500</leader>
  <controlfield tag="001">n  96099757 </controlfield>
  <controlfield tag="003">DLC</controlfield>
  <controlfield tag="005">19961015112337.7</controlfield>
  <controlfield tag="008">961015n| acannaab|          |n aaa |||  </controlfield>
  <datafield tag="010" ind1=" " ind2=" ">
    <subfield code="a">n  96099757 </subfield>
  </datafield>
  <datafield tag="040" ind1=" " ind2=" ">
    <subfield code="a">DLC</subfield>
    <subfield code="c">DLC</subfield>
  </datafield>
  <datafield tag="100" ind1="1" ind2="0">
    <subfield code="a">Schmitz, Liane</subfield>
  </datafield>
  <datafield tag="670" ind1=" " ind2=" ">
    <subfield code="a">Flucht, Vertreibung, Neuanfang 1845, 1995:</subfield>
    <subfield code="b">t.p. (Liane Schmitz)</subfield>
  </datafield>
</record>